@article{lamport1978time,
  title={Time, clocks, and the ordering of events in a distributed system},
  author={Lamport, Leslie},
  journal={Communications of the ACM},
  volume={21},
  number={7},
  pages={558--565},
  year={1978},
  publisher={ACM}
}

@article{lamport2000specifying,
  title={Specifying Concurrent Systems with TLA},
  author={Lamport, Leslie},
  journal={Preliminary draft, December},
  year={2000}
}

@inproceedings{yu1999model,
  title={Model checking TLA+ specifications},
  author={Yu, Yuan and Manolios, Panagiotis and Lamport, Leslie},
  booktitle={CHARME},
  volume={99},
  pages={54--66},
  year={1999},
  organization={Springer}
}

@article{cousineau2012tla+,
  title={TLA+ Proofs.},
  author={Cousineau, Denis and Doligez, Damien and Lamport, Leslie and Merz, Stephan and Ricketts, Daniel and Vanzetto, Hern{\'a}n},
  journal={FM},
  volume={7436},
  pages={147--154},
  year={2012},
  publisher={Springer}
}

@misc{lamport2015mechanically,
  title={Mechanically checked safety proof of a byzantine Paxos algorithm, 2015},
  author={Lamport, L},
  year={2015}
}

@phdthesis{ongaro2014consensus,
  title={Consensus: Bridging theory and practice},
  author={Ongaro, Diego},
  year={2014},
  school={Stanford University}
}

@inproceedings{bhargavan2017everest,
  title={Everest: Towards a Verified, Drop-in Replacement of HTTPS},
  author={Bhargavan, Karthikeyan and Bond, Barry and Delignat-Lavaud, Antoine and Fournet, C{\'e}dric and Hawblitzel, Chris and Hritcu, Catalin and Ishtiaq, Samin and Kohlweiss, Markulf and Leino, Rustan and Lorch, Jay and others},
  booktitle={LIPIcs-Leibniz International Proceedings in Informatics},
  volume={71},
  year={2017},
  organization={Schloss Dagstuhl-Leibniz-Zentrum fuer Informatik}
}

@inproceedings{wilcox2015verdi,
  title={Verdi: a framework for implementing and formally verifying distributed systems},
  author={Wilcox, James R and Woos, Doug and Panchekha, Pavel and Tatlock, Zachary and Wang, Xi and Ernst, Michael D and Anderson, Thomas},
  booktitle={ACM SIGPLAN Notices},
  volume={50},
  pages={357--368},
  year={2015},
  organization={ACM}
}

@misc{wilcoxcounter,
  author={Wilcox, James R},
  howpublished = "\url{https://homes.cs.washington.edu/~jrw12/Counter.html}",
  title="How to build a simple system in Verdi"
}
